<record><leader>01248ccm a2200325 a 4500</leader><controlfield tag="001">1328517</controlfield><controlfield tag="008">901015s1985    fr stz              fre c</controlfield><datafield ind1="2" ind2="1" tag="028"><subfield code="a">A.L. 27.131</subfield><subfield code="b">A. Leduc</subfield></datafield><datafield ind1="2" ind2="1" tag="028"><subfield code="a">27.131</subfield><subfield code="b">A. Leduc</subfield></datafield><datafield ind1=" " ind2=" " tag="035"><subfield code="a">ocm19501703</subfield></datafield><datafield ind1=" " ind2=" " tag="040"><subfield code="b">eng</subfield></datafield><datafield ind1="0" ind2=" " tag="041"><subfield code="a">freengger</subfield></datafield><datafield ind1=" " ind2=" " tag="049"><subfield code="a">AEU</subfield><subfield code="b">eng</subfield></datafield><datafield ind1=" " ind2="3" tag="055"><subfield code="a">MT 505</subfield><subfield code="b">L8473 1985</subfield></datafield><datafield ind1="0" ind2=" " tag="090"><subfield code="a">MT 505 L8473 1985 folio</subfield></datafield><datafield ind1="1" ind2=" " tag="100"><subfield code="a">Londeix, Jean-Marie,</subfield><subfield code="d">1932-</subfield></datafield><datafield ind1="1" ind2="0" tag="245"><subfield code="a">Exercices pratiques pour ensemble de saxophones</subfield><subfield code="h">[music] =</subfield><subfield code="b">Practical exercises for saxophone ensemble = Praktische &#220;bungen f&#252;r Saxophonensemble /</subfield><subfield code="c">Jean-Marie Londeix.</subfield></datafield><datafield ind1=" " ind2=" " tag="260"><subfield code="a">Paris :</subfield><subfield code="b">A. Leduc,</subfield><subfield code="c">c1985.</subfield></datafield><datafield ind1=" " ind2=" " tag="300"><subfield code="a">24 p. of music ;</subfield><subfield code="c">31 cm.</subfield></datafield><datafield ind1=" " ind2=" " tag="336"><subfield code="a">notated music</subfield><subfield code="b">ntm</subfield><subfield code="2">rdacontent</subfield></datafield><datafield ind1=" " ind2=" " tag="337"><subfield code="a">unmediated</subfield><subfield code="b">n</subfield><subfield code="2">rdamedia</subfield></datafield><datafield ind1="1" ind2=" " tag="490"><subfield code="a">Enseignement moderne du saxophone.</subfield></datafield><datafield ind1=" " ind2=" " tag="500"><subfield code="a">"R&#233;f: BD"--Cover.</subfield></datafield><datafield ind1=" " ind2=" " tag="500"><subfield code="a">Pl. no.: A.L. 27.131.</subfield></datafield><datafield ind1=" " ind2=" " tag="596"><subfield code="a">43</subfield></datafield><datafield ind1=" " ind2="0" tag="650"><subfield code="a">Saxophone</subfield><subfield code="v">Studies and exercises.</subfield></datafield><datafield ind1="0" ind2=" " tag="740"><subfield code="a">Practical exercises for saxophone ensemble.</subfield></datafield><datafield ind1="0" ind2=" " tag="740"><subfield code="a">Praktische &#220;bungen f&#252;r Saxophonensemble.</subfield></datafield><datafield ind1=" " ind2="0" tag="830"><subfield code="a">Enseignement moderne du saxophone.</subfield></datafield><datafield ind1=" " ind2=" " tag="926"><subfield code="a">MT 505 L8473 1985 folio</subfield><subfield code="w">LC</subfield><subfield code="c">1</subfield><subfield code="i">000034629857</subfield><subfield code="d">3/29/2017</subfield><subfield code="e">3/21/2017</subfield><subfield code="l">MUSIC</subfield><subfield code="m">UAHSS</subfield><subfield code="n">17</subfield><subfield code="p">$150.00</subfield><subfield code="r">Y</subfield><subfield code="s">Y</subfield><subfield code="t">MUSICSCORE</subfield><subfield code="u">10/17/1990</subfield></datafield></record>